%YAML 1.1
%TAG !u! tag:unity3d.com,2011:
--- !u!1001 &100100000
Prefab:
  m_ObjectHideFlags: 1
  serializedVersion: 2
  m_Modification:
    m_TransformParent: {fileID: 0}
    m_Modifications: []
    m_RemovedComponents: []
  m_ParentPrefab: {fileID: 0}
  m_RootGameObject: {fileID: 1388899159705902}
  m_IsPrefabParent: 1
--- !u!1 &1388899159705902
GameObject:
  m_ObjectHideFlags: 0
  m_PrefabParentObject: {fileID: 0}
  m_PrefabInternal: {fileID: 100100000}
  serializedVersion: 5
  m_Component:
  - component: {fileID: 4374085956736016}
  - component: {fileID: 212314428425088092}
  - component: {fileID: 95355820020186662}
  - component: {fileID: 60167326487224476}
  - component: {fileID: 114647203166499834}
  - component: {fileID: 114816569696602140}
  - component: {fileID: 50471540622503398}
  m_Layer: 0
  m_Name: Helicopter
  m_TagString: Helicopter
  m_Icon: {fileID: 0}
  m_NavMeshLayer: 0
  m_StaticEditorFlags: 0
  m_IsActive: 1
--- !u!4 &4374085956736016
Transform:
  m_ObjectHideFlags: 1
  m_PrefabParentObject: {fileID: 0}
  m_PrefabInternal: {fileID: 100100000}
  m_GameObject: {fileID: 1388899159705902}
  m_LocalRotation: {x: 0, y: 0, z: 0, w: 1}
  m_LocalPosition: {x: -5, y: 0, z: 0}
  m_LocalScale: {x: 1, y: 1, z: 1}
  m_Children: []
  m_Father: {fileID: 0}
  m_RootOrder: 0
  m_LocalEulerAnglesHint: {x: 0, y: 0, z: 0}
--- !u!50 &50471540622503398
Rigidbody2D:
  serializedVersion: 4
  m_ObjectHideFlags: 1
  m_PrefabParentObject: {fileID: 0}
  m_PrefabInternal: {fileID: 100100000}
  m_GameObject: {fileID: 1388899159705902}
  m_BodyType: 0
  m_Simulated: 1
  m_UseFullKinematicContacts: 0
  m_UseAutoMass: 0
  m_Mass: 1
  m_LinearDrag: 0
  m_AngularDrag: 0.05
  m_GravityScale: 1
  m_Material: {fileID: 0}
  m_Interpolate: 0
  m_SleepingMode: 1
  m_CollisionDetection: 0
  m_Constraints: 4
--- !u!60 &60167326487224476
PolygonCollider2D:
  m_ObjectHideFlags: 1
  m_PrefabParentObject: {fileID: 0}
  m_PrefabInternal: {fileID: 100100000}
  m_GameObject: {fileID: 1388899159705902}
  m_Enabled: 1
  m_Density: 1
  m_Material: {fileID: 0}
  m_IsTrigger: 0
  m_UsedByEffector: 0
  m_UsedByComposite: 0
  m_Offset: {x: 0, y: 0}
  m_SpriteTilingProperty:
    border: {x: 0, y: 0, z: 0, w: 0}
    pivot: {x: 0.5, y: 0.5}
    oldSize: {x: 1.75, y: 1}
    newSize: {x: 1.75, y: 1}
    adaptiveTilingThreshold: 0.5
    drawMode: 0
    adaptiveTiling: 0
  m_AutoTiling: 0
  m_Points:
    m_Paths:
    - - {x: -0.87087965, y: 0.11808449}
      - {x: -0.6269965, y: 0.11878809}
      - {x: -0.6319885, y: 0.0012712702}
      - {x: -0.38674927, y: -0.006964013}
      - {x: -0.3741169, y: -0.12837303}
      - {x: -0.12924671, y: -0.13015822}
      - {x: -0.12459803, y: -0.25860262}
      - {x: 0.2528, y: -0.25538537}
      - {x: 0.25654745, y: -0.37894365}
      - {x: 0.0013213158, y: -0.38050365}
      - {x: 0.0054421425, y: -0.5}
      - {x: 0.875, y: -0.5}
      - {x: 0.87958145, y: 0.12587665}
      - {x: 0.74734783, y: 0.12678373}
      - {x: 0.7513828, y: 0.25276616}
      - {x: 0.3834114, y: 0.24380468}
      - {x: 0.38347006, y: 0.3913137}
      - {x: 0.76419353, y: 0.39538556}
      - {x: 0.76362705, y: 0.504125}
      - {x: 0.24861479, y: 0.5}
      - {x: -0.5013876, y: 0.5}
      - {x: -0.5013876, y: 0.3681419}
      - {x: -0.10894966, y: 0.37282977}
      - {x: -0.116315365, y: 0.25362167}
      - {x: 0.0066595078, y: 0.2475916}
      - {x: 0.003730297, y: 0.1259569}
      - {x: -0.49723387, y: 0.11921294}
      - {x: -0.49721575, y: 0.25053734}
      - {x: -0.875, y: 0.2568867}
--- !u!95 &95355820020186662
Animator:
  serializedVersion: 3
  m_ObjectHideFlags: 1
  m_PrefabParentObject: {fileID: 0}
  m_PrefabInternal: {fileID: 100100000}
  m_GameObject: {fileID: 1388899159705902}
  m_Enabled: 1
  m_Avatar: {fileID: 0}
  m_Controller: {fileID: 9100000, guid: cb2c1a6c7832bd84580484dc973672a5, type: 2}
  m_CullingMode: 0
  m_UpdateMode: 0
  m_ApplyRootMotion: 0
  m_LinearVelocityBlending: 0
  m_WarningMessage: 
  m_HasTransformHierarchy: 1
  m_AllowConstantClipSamplingOptimization: 1
--- !u!114 &114647203166499834
MonoBehaviour:
  m_ObjectHideFlags: 1
  m_PrefabParentObject: {fileID: 0}
  m_PrefabInternal: {fileID: 100100000}
  m_GameObject: {fileID: 1388899159705902}
  m_Enabled: 1
  m_EditorHideFlags: 0
  m_Script: {fileID: 11500000, guid: 1915f9d33ab980b4a9dc0ed5f8eb9348, type: 3}
  m_Name: 
  m_EditorClassIdentifier: 
  maxSpeed: 3
--- !u!114 &114816569696602140
MonoBehaviour:
  m_ObjectHideFlags: 1
  m_PrefabParentObject: {fileID: 0}
  m_PrefabInternal: {fileID: 100100000}
  m_GameObject: {fileID: 1388899159705902}
  m_Enabled: 1
  m_EditorHideFlags: 0
  m_Script: {fileID: 11500000, guid: ff904553fe05e5d43a8b6ccc01d8e99b, type: 3}
  m_Name: 
  m_EditorClassIdentifier: 
  maxCarryLoad: 3
  carryLoad: 0
  soldierPickupSFX: {fileID: 1904335569766384, guid: 14bd4630b7d308c4a875ca26c37a369d,
    type: 2}
  noMoreSoldiersSFX: {fileID: 1904335569766384, guid: c55f90fa440aac84c87993b57b87ba91,
    type: 2}
--- !u!212 &212314428425088092
SpriteRenderer:
  m_ObjectHideFlags: 1
  m_PrefabParentObject: {fileID: 0}
  m_PrefabInternal: {fileID: 100100000}
  m_GameObject: {fileID: 1388899159705902}
  m_Enabled: 1
  m_CastShadows: 0
  m_ReceiveShadows: 0
  m_DynamicOccludee: 1
  m_MotionVectors: 1
  m_LightProbeUsage: 1
  m_ReflectionProbeUsage: 1
  m_Materials:
  - {fileID: 10754, guid: 0000000000000000f000000000000000, type: 0}
  m_StaticBatchInfo:
    firstSubMesh: 0
    subMeshCount: 0
  m_StaticBatchRoot: {fileID: 0}
  m_ProbeAnchor: {fileID: 0}
  m_LightProbeVolumeOverride: {fileID: 0}
  m_ScaleInLightmap: 1
  m_PreserveUVs: 0
  m_IgnoreNormalsForChartDetection: 0
  m_ImportantGI: 0
  m_StitchLightmapSeams: 0
  m_SelectedEditorRenderState: 0
  m_MinimumChartSize: 4
  m_AutoUVMaxDistance: 0.5
  m_AutoUVMaxAngle: 89
  m_LightmapParameters: {fileID: 0}
  m_SortingLayerID: 583422221
  m_SortingLayer: 1
  m_SortingOrder: 0
  m_Sprite: {fileID: 21300000, guid: 376b959845d94214aa86c257f3f1b0d0, type: 3}
  m_Color: {r: 1, g: 1, b: 1, a: 1}
  m_FlipX: 0
  m_FlipY: 0
  m_DrawMode: 0
  m_Size: {x: 1.75, y: 1}
  m_AdaptiveModeThreshold: 0.5
  m_SpriteTileMode: 0
  m_WasSpriteAssigned: 1
  m_MaskInteraction: 0
