%YAML 1.1
%TAG !u! tag:unity3d.com,2011:
--- !u!1001 &100100000
Prefab:
  m_ObjectHideFlags: 1
  serializedVersion: 2
  m_Modification:
    m_TransformParent: {fileID: 0}
    m_Modifications: []
    m_RemovedComponents: []
  m_ParentPrefab: {fileID: 0}
  m_RootGameObject: {fileID: 1574120239663440}
  m_IsPrefabParent: 1
--- !u!1 &1574120239663440
GameObject:
  m_ObjectHideFlags: 0
  m_PrefabParentObject: {fileID: 0}
  m_PrefabInternal: {fileID: 100100000}
  serializedVersion: 5
  m_Component:
  - component: {fileID: 4554764323617124}
  - component: {fileID: 212383983666839928}
  - component: {fileID: 114932161823409206}
  - component: {fileID: 60985949280164496}
  m_Layer: 0
  m_Name: Soldier
  m_TagString: Soldier
  m_Icon: {fileID: 0}
  m_NavMeshLayer: 0
  m_StaticEditorFlags: 0
  m_IsActive: 1
--- !u!4 &4554764323617124
Transform:
  m_ObjectHideFlags: 1
  m_PrefabParentObject: {fileID: 0}
  m_PrefabInternal: {fileID: 100100000}
  m_GameObject: {fileID: 1574120239663440}
  m_LocalRotation: {x: 0, y: 0, z: 0, w: 1}
  m_LocalPosition: {x: 0, y: 0, z: 0}
  m_LocalScale: {x: 1, y: 1, z: 1}
  m_Children: []
  m_Father: {fileID: 0}
  m_RootOrder: 0
  m_LocalEulerAnglesHint: {x: 0, y: 0, z: 0}
--- !u!60 &60985949280164496
PolygonCollider2D:
  m_ObjectHideFlags: 1
  m_PrefabParentObject: {fileID: 0}
  m_PrefabInternal: {fileID: 100100000}
  m_GameObject: {fileID: 1574120239663440}
  m_Enabled: 1
  m_Density: 1
  m_Material: {fileID: 0}
  m_IsTrigger: 1
  m_UsedByEffector: 0
  m_UsedByComposite: 0
  m_Offset: {x: 0, y: 0}
  m_SpriteTilingProperty:
    border: {x: 0, y: 0, z: 0, w: 0}
    pivot: {x: 0.5, y: 0.5}
    oldSize: {x: 0.75, y: 0.625}
    newSize: {x: 1.5, y: 1.25}
    adaptiveTilingThreshold: 0.5
    drawMode: 0
    adaptiveTiling: 0
  m_AutoTiling: 0
  m_Points:
    m_Paths:
    - - {x: -0.06455064, y: 0.12295914}
      - {x: -0.2502389, y: 0.11897516}
      - {x: -0.24645257, y: 0.062134743}
      - {x: -0.3734064, y: 0.060191154}
      - {x: -0.37300014, y: 0.0032396317}
      - {x: -0.18942189, y: -0.00029683113}
      - {x: -0.18905497, y: 0.063948154}
      - {x: -0.12535214, y: 0.0625782}
      - {x: -0.12064242, y: -0.06474209}
      - {x: -0.06057763, y: -0.065301895}
      - {x: -0.06283522, y: -0.12729287}
      - {x: -0.12341499, y: -0.12667823}
      - {x: -0.127033, y: -0.19018173}
      - {x: -0.18565774, y: -0.189672}
      - {x: -0.18730855, y: -0.25140405}
      - {x: -0.24970746, y: -0.25376916}
      - {x: -0.24645972, y: -0.3125}
      - {x: -0.12704015, y: -0.3125}
      - {x: -0.12534523, y: -0.25079536}
      - {x: -0.06299806, y: -0.24964595}
      - {x: -0.06097603, y: -0.18967152}
      - {x: 0.06256914, y: -0.18748689}
      - {x: 0.06457496, y: -0.24993038}
      - {x: 0.12354469, y: -0.24985361}
      - {x: 0.12691641, y: -0.3125}
      - {x: 0.24970746, y: -0.3125}
      - {x: 0.2516656, y: -0.25080204}
      - {x: 0.18324375, y: -0.25151634}
      - {x: 0.18578362, y: -0.18683434}
      - {x: 0.12325764, y: -0.18735838}
      - {x: 0.12501526, y: -0.13011813}
      - {x: 0.063274145, y: -0.12739444}
      - {x: 0.0608871, y: -0.0642159}
      - {x: 0.12586546, y: -0.062316418}
      - {x: 0.123019695, y: 0.0650363}
      - {x: 0.18788362, y: 0.06386852}
      - {x: 0.190974, y: -0.00079131126}
      - {x: 0.375, y: 0}
      - {x: 0.37061214, y: 0.06307697}
      - {x: 0.25206327, y: 0.063447475}
      - {x: 0.24839497, y: 0.12565804}
      - {x: 0.06176853, y: 0.12260342}
      - {x: 0.06481242, y: 0.31111193}
      - {x: -0.059810877, y: 0.3105421}
--- !u!114 &114932161823409206
MonoBehaviour:
  m_ObjectHideFlags: 1
  m_PrefabParentObject: {fileID: 0}
  m_PrefabInternal: {fileID: 100100000}
  m_GameObject: {fileID: 1574120239663440}
  m_Enabled: 1
  m_EditorHideFlags: 0
  m_Script: {fileID: 11500000, guid: 6eac45d7df2c5944d80e22b9fdc9d939, type: 3}
  m_Name: 
  m_EditorClassIdentifier: 
--- !u!212 &212383983666839928
SpriteRenderer:
  m_ObjectHideFlags: 1
  m_PrefabParentObject: {fileID: 0}
  m_PrefabInternal: {fileID: 100100000}
  m_GameObject: {fileID: 1574120239663440}
  m_Enabled: 1
  m_CastShadows: 0
  m_ReceiveShadows: 0
  m_DynamicOccludee: 1
  m_MotionVectors: 1
  m_LightProbeUsage: 1
  m_ReflectionProbeUsage: 1
  m_Materials:
  - {fileID: 10754, guid: 0000000000000000f000000000000000, type: 0}
  m_StaticBatchInfo:
    firstSubMesh: 0
    subMeshCount: 0
  m_StaticBatchRoot: {fileID: 0}
  m_ProbeAnchor: {fileID: 0}
  m_LightProbeVolumeOverride: {fileID: 0}
  m_ScaleInLightmap: 1
  m_PreserveUVs: 0
  m_IgnoreNormalsForChartDetection: 0
  m_ImportantGI: 0
  m_StitchLightmapSeams: 0
  m_SelectedEditorRenderState: 0
  m_MinimumChartSize: 4
  m_AutoUVMaxDistance: 0.5
  m_AutoUVMaxAngle: 89
  m_LightmapParameters: {fileID: 0}
  m_SortingLayerID: 0
  m_SortingLayer: 0
  m_SortingOrder: 0
  m_Sprite: {fileID: 21300000, guid: b5bed05d9ab83c04ab355c3b7b34a598, type: 3}
  m_Color: {r: 1, g: 1, b: 1, a: 1}
  m_FlipX: 0
  m_FlipY: 0
  m_DrawMode: 0
  m_Size: {x: 1.5, y: 1.25}
  m_AdaptiveModeThreshold: 0.5
  m_SpriteTileMode: 0
  m_WasSpriteAssigned: 1
  m_MaskInteraction: 0
