%YAML 1.1
%TAG !u! tag:unity3d.com,2011:
--- !u!1001 &100100000
Prefab:
  m_ObjectHideFlags: 1
  serializedVersion: 2
  m_Modification:
    m_TransformParent: {fileID: 0}
    m_Modifications: []
    m_RemovedComponents: []
  m_ParentPrefab: {fileID: 0}
  m_RootGameObject: {fileID: 1788833283275612}
  m_IsPrefabParent: 1
--- !u!1 &1788833283275612
GameObject:
  m_ObjectHideFlags: 0
  m_PrefabParentObject: {fileID: 0}
  m_PrefabInternal: {fileID: 100100000}
  serializedVersion: 5
  m_Component:
  - component: {fileID: 4598193514320360}
  - component: {fileID: 212512174284356156}
  - component: {fileID: 60603059934049274}
  - component: {fileID: 114078009405676974}
  m_Layer: 0
  m_Name: Tree
  m_TagString: Untagged
  m_Icon: {fileID: 0}
  m_NavMeshLayer: 0
  m_StaticEditorFlags: 0
  m_IsActive: 1
--- !u!4 &4598193514320360
Transform:
  m_ObjectHideFlags: 1
  m_PrefabParentObject: {fileID: 0}
  m_PrefabInternal: {fileID: 100100000}
  m_GameObject: {fileID: 1788833283275612}
  m_LocalRotation: {x: 0, y: 0, z: 0, w: 1}
  m_LocalPosition: {x: 2, y: -3, z: 0}
  m_LocalScale: {x: 1, y: 1, z: 1}
  m_Children: []
  m_Father: {fileID: 0}
  m_RootOrder: 0
  m_LocalEulerAnglesHint: {x: 0, y: 0, z: 0}
--- !u!60 &60603059934049274
PolygonCollider2D:
  m_ObjectHideFlags: 1
  m_PrefabParentObject: {fileID: 0}
  m_PrefabInternal: {fileID: 100100000}
  m_GameObject: {fileID: 1788833283275612}
  m_Enabled: 1
  m_Density: 1
  m_Material: {fileID: 0}
  m_IsTrigger: 1
  m_UsedByEffector: 0
  m_UsedByComposite: 0
  m_Offset: {x: 0, y: 0}
  m_SpriteTilingProperty:
    border: {x: 0, y: 0, z: 0, w: 0}
    pivot: {x: 0.5, y: 0.5}
    oldSize: {x: 0.625, y: 0.6875}
    newSize: {x: 1.25, y: 1.375}
    adaptiveTilingThreshold: 0.5
    drawMode: 0
    adaptiveTiling: 0
  m_AutoTiling: 0
  m_Points:
    m_Paths:
    - - {x: -0.31094646, y: -0.15768385}
      - {x: -0.3125, y: -0.22197318}
      - {x: -0.062169075, y: -0.22054029}
      - {x: -0.060626984, y: -0.34375}
      - {x: 0.060832024, y: -0.34268522}
      - {x: 0.06101775, y: -0.22054029}
      - {x: 0.3093927, y: -0.21926808}
      - {x: 0.31094646, y: -0.15690708}
      - {x: 0.18700337, y: -0.15461707}
      - {x: 0.18636727, y: -0.09549427}
      - {x: 0.062968016, y: -0.09665632}
      - {x: 0.06178665, y: -0.033666372}
      - {x: 0.12596416, y: -0.031954527}
      - {x: 0.1262598, y: 0.031615496}
      - {x: 0.06466842, y: 0.03246808}
      - {x: 0.06268859, y: 0.09073305}
      - {x: -0.00082302094, y: 0.093090296}
      - {x: -0.0014419556, y: 0.15576172}
      - {x: 0.061516523, y: 0.15634513}
      - {x: 0.062219143, y: 0.21561527}
      - {x: 0.00023937225, y: 0.21946692}
      - {x: 0, y: 0.34375}
      - {x: -0.060587883, y: 0.34375}
      - {x: -0.062228322, y: 0.15507483}
      - {x: -0.1222415, y: 0.15440226}
      - {x: -0.12498891, y: 0.09399581}
      - {x: -0.06255138, y: 0.09514475}
      - {x: -0.061565638, y: 0.030176401}
      - {x: -0.12481797, y: 0.029098988}
      - {x: -0.12493789, y: -0.031101227}
      - {x: -0.1874907, y: -0.031743526}
      - {x: -0.1871705, y: -0.09363842}
      - {x: -0.12463105, y: -0.09229255}
      - {x: -0.12452221, y: -0.15804219}
--- !u!114 &114078009405676974
MonoBehaviour:
  m_ObjectHideFlags: 1
  m_PrefabParentObject: {fileID: 0}
  m_PrefabInternal: {fileID: 100100000}
  m_GameObject: {fileID: 1788833283275612}
  m_Enabled: 1
  m_EditorHideFlags: 0
  m_Script: {fileID: 11500000, guid: 0ea5cc6c299918c40bed202901aeb078, type: 3}
  m_Name: 
  m_EditorClassIdentifier: 
  treeHitSFX: {fileID: 1904335569766384, guid: a0396e3da0a38a44bb486c2a99b47f5f, type: 2}
--- !u!212 &212512174284356156
SpriteRenderer:
  m_ObjectHideFlags: 1
  m_PrefabParentObject: {fileID: 0}
  m_PrefabInternal: {fileID: 100100000}
  m_GameObject: {fileID: 1788833283275612}
  m_Enabled: 1
  m_CastShadows: 0
  m_ReceiveShadows: 0
  m_DynamicOccludee: 1
  m_MotionVectors: 1
  m_LightProbeUsage: 1
  m_ReflectionProbeUsage: 1
  m_Materials:
  - {fileID: 10754, guid: 0000000000000000f000000000000000, type: 0}
  m_StaticBatchInfo:
    firstSubMesh: 0
    subMeshCount: 0
  m_StaticBatchRoot: {fileID: 0}
  m_ProbeAnchor: {fileID: 0}
  m_LightProbeVolumeOverride: {fileID: 0}
  m_ScaleInLightmap: 1
  m_PreserveUVs: 0
  m_IgnoreNormalsForChartDetection: 0
  m_ImportantGI: 0
  m_StitchLightmapSeams: 0
  m_SelectedEditorRenderState: 0
  m_MinimumChartSize: 4
  m_AutoUVMaxDistance: 0.5
  m_AutoUVMaxAngle: 89
  m_LightmapParameters: {fileID: 0}
  m_SortingLayerID: 0
  m_SortingLayer: 0
  m_SortingOrder: 0
  m_Sprite: {fileID: 21300000, guid: 7cab79bdcada72048b0329347ce61a11, type: 3}
  m_Color: {r: 1, g: 1, b: 1, a: 1}
  m_FlipX: 0
  m_FlipY: 0
  m_DrawMode: 0
  m_Size: {x: 1.25, y: 1.375}
  m_AdaptiveModeThreshold: 0.5
  m_SpriteTileMode: 0
  m_WasSpriteAssigned: 1
  m_MaskInteraction: 0
